@article{ferguson_diglossia_1959,
	Author = {Ferguson, Charles A.},
	Date = {1959},
	Issn = {0043-7956},
	Journaltitle = {Word},
	Pages = {325--340},
	Title = {Diglossia},
	Volume = {15}}

@book{rayner_psychology_2012,
  title={Psychology of reading},
  author={Rayner, Keith and Pollatsek, Alexander and Ashby, Jane and Clifton Jr, Charles},
  year={2012},
  publisher={Psychology Press}
}
